@article{RAG,
  title={Retrieval-augmented generation for knowledge-intensive nlp tasks},
  author={Lewis, Patrick and Perez, Ethan and Piktus, Aleksandra and Petroni, Fabio and Karpukhin, Vladimir and Goyal, Naman and K{\"u}ttler, Heinrich and Lewis, Mike and Yih, Wen-tau and Rockt{\"a}schel, Tim and others},
  journal={Advances in Neural Information Processing Systems},
  volume={33},
  pages={9459--9474},
  year={2020}
}

@article{GPT1,
  title={Improving language understanding with unsupervised learning},
  author={Radford, Alec and Narasimhan, Karthik and Salimans, Tim and Sutskever, Ilya},
  year={2018},
  publisher={Technical report, OpenAI}
}

@article{GPT2,
  title={Language models are unsupervised multitask learners},
  author={Radford, Alec and Wu, Jeffrey and Child, Rewon and Luan, David and Amodei, Dario and Sutskever, Ilya and others},
  journal={OpenAI blog},
  volume={1},
  number={8},
  pages={9},
  year={2019}
}

@article{GPT3,
  title={Language models are few-shot learners},
  author={Mann, Ben and Ryder, N and Subbiah, M and Kaplan, J and Dhariwal, P and Neelakantan, A and Shyam, P and Sastry, G and Askell, A and Agarwal, S and others},
  journal={arXiv preprint arXiv:2005.14165},
  year={2020}
}

@article{RLHF,
  title={Training language models to follow instructions with human feedback, 2022},
  author={Ouyang, Long and Wu, Jeff and Jiang, Xu and Almeida, Diogo and Wainwright, Carroll L and Mishkin, Pamela and Zhang, Chong and Agarwal, Sandhini and Slama, Katarina and Ray, Alex and others},
  journal={URL https://arxiv. org/abs/2203.02155},
  volume={13},
  year={2022}
}

@article{T5,
  title={Exploring the limits of transfer learning with a unified text-to-text transformer},
  author={Raffel, Colin and Shazeer, Noam and Roberts, Adam and Lee, Katherine and Narang, Sharan and Matena, Michael and Zhou, Yanqi and Li, Wei and Liu, Peter J},
  journal={The Journal of Machine Learning Research},
  volume={21},
  number={1},
  pages={5485--5551},
  year={2020},
  publisher={JMLRORG}
}

@article{instructionFineTuning,
  title={Finetuned language models are zero-shot learners},
  author={Wei, Jason and Bosma, Maarten and Zhao, Vincent Y and Guu, Kelvin and Yu, Adams Wei and Lester, Brian and Du, Nan and Dai, Andrew M and Le, Quoc V},
  journal={arXiv preprint arXiv:2109.01652},
  year={2021}
}

@article{attentionIsAllYouNeed,
  title={Attention is all you need},
  author={Vaswani, Ashish and Shazeer, Noam and Parmar, Niki and Uszkoreit, Jakob and Jones, Llion and Gomez, Aidan N and Kaiser, {\L}ukasz and Polosukhin, Illia},
  journal={Advances in neural information processing systems},
  volume={30},
  year={2017},
}

@misc{wordEmbeddingsASurvey,
      title={Word Embeddings: A Survey}, 
      author={Felipe Almeida and Geraldo Xexéo},
      year={2023},
      eprint={1901.09069},
      archivePrefix={arXiv},
      primaryClass={cs.CL}
}

@article{vectorSpaceModel,
author = {Salton, G. and Wong, A. and Yang, C. S.},
title = {A vector space model for automatic indexing},
year = {1975},
issue_date = {Nov. 1975},
publisher = {Association for Computing Machinery},
address = {New York, NY, USA},
volume = {18},
number = {11},
issn = {0001-0782},
url = {https://doi.org/10.1145/361219.361220},
doi = {10.1145/361219.361220},
journal = {Commun. ACM},
month = {nov},
pages = {613–620},
numpages = {8},
keywords = {automatic indexing, automatic information retrieval, content analysis, document space}
}

@article{SimilaritiesVectorSpaceModel,
  title={Modern information retrieval: A brief overview},
  author={Singhal, Amit and others},
  journal={IEEE Data Eng. Bull.},
  volume={24},
  number={4},
  pages={35--43},
  year={2001}
}

@book{eisensteinNLP,
  title={Introduction to natural language processing},
  author={Eisenstein, Jacob},
  year={2019}
}

@inproceedings{bm25,
  title={Which BM25 do you mean? A large-scale reproducibility study of scoring variants},
  author={Kamphuis, Chris and de Vries, Arjen P and Boytsov, Leonid and Lin, Jimmy},
  booktitle={Advances in Information Retrieval: 42nd European Conference on IR Research, ECIR 2020, Lisbon, Portugal, April 14--17, 2020, Proceedings, Part II 42},
  pages={28--34},
  year={2020},
  organization={Springer}
}

@book{informationRetrievalgoker,
  title={Information retrieval: Searching in the 21st century},
  author={Goker, Ayse and Davies, John},
  year={2009},
  publisher={John Wiley \& Sons}
}

@incollection{BM25Book,
author = {Amati, Giambattista},
address = {New York, NY},
copyright = {Springer Science+Business Media, LLC, part of Springer Nature 2018},
isbn = {1461482666},
booktitle = {Encyclopedia of Database Systems},
year = {2018},
language = {eng},
pages = {323-326},
publisher = {Springer New York},
title = {BM25},
}

@book{linearAlgebra,
  title={Introduction to linear and matrix algebra},
  author={Johnston, Nathaniel},
  year={2021},
  publisher={Springer Nature}
}

@article{distributionalSemanticsTheory,
    author = {Zellig S. Harris},
    title = {Distributional Structure},
    journal = {WORD},
    volume = {10},
    number = {2-3},
    pages = {146-162},
    year = {1954},
    publisher = {Routledge},
    doi = {10.1080/00437956.1954.11659520},
    URL = {https://doi.org/10.1080/00437956.1954.11659520},
    eprint = {https://doi.org/10.1080/00437956.1954.11659520}
}

@article{word2vec,
  title={Efficient estimation of word representations in vector space},
  author={Mikolov, Tomas and Chen, Kai and Corrado, Greg and Dean, Jeffrey},
  journal={arXiv preprint arXiv:1301.3781},
  year={2013}
}

@book{huggingface,
  title={Natural language processing with transformers},
  author={Tunstall, Lewis and Von Werra, Leandro and Wolf, Thomas},
  year={2022},
  publisher={" O'Reilly Media, Inc."}
}

@inproceedings{bert,
  title={Bert: Pre-training of deep bidirectional transformers for language understanding},
  author={Kenton, Jacob Devlin Ming-Wei Chang and Toutanova, Lee Kristina},
  booktitle={Proceedings of naacL-HLT},
  volume={1},
  pages={2},
  year={2019}
}

@article{sentenceBert,
  title={Sentence-bert: Sentence embeddings using siamese bert-networks},
  author={Reimers, Nils and Gurevych, Iryna},
  journal={arXiv preprint arXiv:1908.10084},
  year={2019}
}

@inproceedings{NDCG,
  title={A theoretical analysis of NDCG type ranking measures},
  author={Wang, Yining and Wang, Liwei and Li, Yuanzhi and He, Di and Liu, Tie-Yan},
  booktitle={Conference on learning theory},
  pages={25--54},
  year={2013},
  organization={PMLR}
}

@article{judge,
  title={Judging llm-as-a-judge with mt-bench and chatbot arena},
  author={Zheng, Lianmin and Chiang, Wei-Lin and Sheng, Ying and Zhuang, Siyuan and Wu, Zhanghao and Zhuang, Yonghao and Lin, Zi and Li, Zhuohan and Li, Dacheng and Xing, Eric and others},
  journal={Advances in Neural Information Processing Systems},
  volume={36},
  year={2024}
}

@inproceedings{BLEU,
    title = "{B}leu: a Method for Automatic Evaluation of Machine Translation",
    author = "Papineni, Kishore  and
      Roukos, Salim  and
      Ward, Todd  and
      Zhu, Wei-Jing",
    editor = "Isabelle, Pierre  and
      Charniak, Eugene  and
      Lin, Dekang",
    booktitle = "Proceedings of the 40th Annual Meeting of the Association for Computational Linguistics",
    month = jul,
    year = "2002",
    address = "Philadelphia, Pennsylvania, USA",
    publisher = "Association for Computational Linguistics",
    url = "https://aclanthology.org/P02-1040",
    doi = "10.3115/1073083.1073135",
    pages = "311--318",
}

@article{ROUGE,
  title={Recall-oriented understudy for gisting evaluation (rouge)},
  author={Lin, C},
  journal={Retrieved August},
  volume={20},
  pages={2005},
  year={2005}
}

@book{mlBook,
author = {Zhou, Zhi-Hua},
address = {Singapore},
edition = {1st ed. 2021. },
isbn = {9789811519673},
year = {2021},
keywords = {Machine learning},
language = {eng},
publisher = {Springer Singapore},
title = {Machine Learning},
}
